<record><leader>00000cas a22000007a 4500</leader><controlfield tag="001">22945549</controlfield><controlfield tag="008">910110d19511955maumr ne      0    0eng d</controlfield><datafield ind1=" " ind2=" " tag="010"><subfield code="a">sn 89063429 </subfield></datafield><datafield ind1=" " ind2=" " tag="040"><subfield code="a">MGN</subfield><subfield code="b">eng</subfield><subfield code="c">MGN</subfield><subfield code="d">OCLCQ</subfield></datafield><datafield ind1=" " ind2=" " tag="042"><subfield code="a">msc</subfield></datafield><datafield ind1="0" ind2=" " tag="130"><subfield code="a">Wayland town crier (Wayland, Mass. : 1951)</subfield></datafield><datafield ind1="1" ind2="0" tag="245"><subfield code="a">Wayland town crier.</subfield></datafield><datafield ind1=" " ind2=" " tag="260"><subfield code="a">Wayland, Mass. :</subfield><subfield code="b">[s.n.]</subfield></datafield><datafield ind1=" " ind2=" " tag="300"><subfield code="a">v.</subfield></datafield><datafield ind1=" " ind2=" " tag="310"><subfield code="a">Monthly</subfield></datafield><datafield ind1="0" ind2=" " tag="362"><subfield code="a">Vol. 6, no. 1 (Oct. 1951)-v. 9, no. 12 (Sept. 1955).</subfield></datafield><datafield ind1=" " ind2=" " tag="752"><subfield code="a">United States</subfield><subfield code="b">Massachusetts</subfield><subfield code="c">Middlesex</subfield><subfield code="d">Wayland.</subfield></datafield><datafield ind1="0" ind2="0" tag="785"><subfield code="t">Town crier (Wayland, Mass.)</subfield><subfield code="w">(DLC)sn 89063430</subfield></datafield></record>